@book{mcclarren2017computational,
  title={Computational Nuclear Engineering and Radiological Science Using Python},
  author={McClarren, Ryan},
  year={2017},
  publisher={Academic Press}
}